@article{GAN,
	author 		= {Ian J. Goodfellow and Jean Pouget-Abadie and Mehdi Mirza and Bing Xu and David Warde-Farley and Sherjil Ozair and Aaron Courville and Yoshua Bengio},
	title 		= {Generative Adversarial Networks},
	year 		= {2014},
	eprint 		= {arXiv:1406.2661},
	url		= {https://github.com/eriklindernoren/PyTorch-GAN#gan}
}

