@article{OverviewAD,
	Author = {Lukas Ruff and Jacob R. Kauffmann and Robert A. Vandermeulen and Grégoire Montavon and Wojciech Samek and Marius Kloft and Thomas G. Dietterich and Klaus-Robert Müller},
	Title = {A Unifying Review of Deep and Shallow Anomaly Detection},
	Year = {2020},
	Eprint = {arXiv:2009.11732}
}

@article{PretrainAD,
	Author = {Oliver Rippel and Patrick Mertens and Dorit Merhof},
	Title = {Modeling the Distribution of Normal Data in Pre-Trained Deep Features for Anomaly Detection},
	Year = {2020},
	Eprint = {arXiv:2005.14140}
}

@article{AntiAliasing,
	Author = {Richard Zhang},
	Title = {Making Convolutional Networks Shift-Invariant Again},
	Year = {2019},
	Eprint = {arXiv:1904.11486}
}
