@article{OverviewAD,
	Author = {Lukas Ruff and Jacob R. Kauffmann and Robert A. Vandermeulen and Grégoire Montavon and Wojciech Samek and Marius Kloft and Thomas G. Dietterich and Klaus-Robert Müller},
	Title = {A Unifying Review of Deep and Shallow Anomaly Detection},
	Year = {2020},
	Eprint = {arXiv:2009.11732}
}

@article{PretrainAD,
	Author = {Oliver Rippel and Patrick Mertens and Dorit Merhof},
	Title = {Modeling the Distribution of Normal Data in Pre-Trained Deep Features for Anomaly Detection},
	Year = {2020},
	Eprint = {arXiv:2005.14140}
}

@article{SurveyMethodologiesHodge,
	author 		= {Hodge, V.J. and Austin, J.},
	title 		= {A Survey of Outlier Detection Methodologies},
	journal 	= {Artificial Intelligence Review},
	year 		= {2004},
	number 		= {24},
	pages 		= {85-126},
	doi 		= {10.1007/s10462-004-4304-y},
	url			= {https://link.springer.com/article/10.1007%2Fs10462-004-4304-y}
}

@article{ProceduresGrubbs,
	author 		= {Frank E. and Grubbs},
	title 		= {Procedures for Detecting Outlying Observations in Samples},
	journal 	= {Technometrics},
	volume 		= {11},
	number 		= {1},
	pages 		= {1-21},
	year  		= {1969},
	publisher 	= {Taylor & Francis},
	doi 		= {10.1080/00401706.1969.10490657},
	url 		= {https://www.tandfonline.com/doi/abs/10.1080/00401706.1969.10490657},
	eprint 		= {https://www.tandfonline.com/doi/pdf/10.1080/00401706.1969.10490657}
}

@book{OutliersBarnett,
	author 		= {Vic Barnett and T. Lewis},
	title 		= {Outliers in Statistical Data},
	description = {Outliers in Statistical Data (Book, 1994)},
	publisher 	= {Wiley},
	year 		= {1994},
	month 		= {apr},
	isbn 		= {0471930946},
	url 		= {https://www.xarg.org/ref/a/0471930946/}
}