@article{overviewGAN,
	author 		= {Yongjun Hong and Uiwon Hwang and Jaeyoon Yoo and Sungroh Yoon},
	title 		= {How Generative Adversarial Networks and Their Variants Work: An Overview},
	year 		= {2017},
	eprint 		= {arXiv:1711.05914},
	howpublished = {ACM Computing Surveys (CSUR) Volume 52 Issue 1, February 2019 Article No. 10},
	doi 		= {10.1145/3301282},
	url			= {https://github.com/eriklindernoren/PyTorch-GAN}
}

@article{GAN,
	author 		= {Ian J. Goodfellow and Jean Pouget-Abadie and Mehdi Mirza and Bing Xu and David Warde-Farley and Sherjil Ozair and Aaron Courville and Yoshua Bengio},
	title 		= {Generative Adversarial Networks},
	year 		= {2014},
	eprint 		= {arXiv:1406.2661},
	url		= {https://github.com/eriklindernoren/PyTorch-GAN#gan}
}

@article{VAEGAN,
	author 		= {Anders Boesen Lindbo Larsen and Søren Kaae Sønderby and Hugo Larochelle and Ole Winther},
	title 		= {Autoencoding beyond pixels using a learned similarity metric},
	year 		= {2015},
	eprint 		= {arXiv:1512.09300},
	url 		= {https://github.com/rohithreddy024/VAE-GAN-Pytorch}
}