@inbook{AE,
    author 		= {Rumelhart, D. E. and Hinton, G. E. and Williams, R. J.},
    title 		= {Learning Internal Representations by Error Propagation},
    year 		= {1986},
    isbn 		= {026268053X},
    publisher 	= {MIT Press},
    address 	= {Cambridge, MA, USA},
    booktitle 	= {Parallel Distributed Processing: Explorations in the Microstructure of Cognition, Vol. 1: Foundations},
    pages 	= {318–362},
    numpages = {45}
}

@article{VAE,
  Author 		= {Diederik P. Kingma and Max Welling},
  Title 		= {An Introduction to Variational Autoencoders},
  Year 			= {2019},
  Eprint 		= {arXiv:1906.02691},
  Howpublished 	= {Foundations and Trends in Machine Learning: Vol. 12 (2019): No. 4, pp 307-392},
  Doi 			= {10.1561/2200000056}
}

@misc{AAE,
	Author 		= {Alireza Makhzani and Jonathon Shlens and Navdeep Jaitly and Ian Goodfellow and Brendan Frey},
	Title 		= {Adversarial Autoencoders},
	Year 		= {2015},
	Eprint 		= {arXiv:1511.05644},
}

@article{VAEGAN,
  author    = {Anders Boesen Lindbo Larsen and Søren Kaae Sønderby and Hugo Larochelle and Ole Winther},
  title     = {Autoencoding beyond pixels using a learned similarity metric},
  year    = {2015},
  eprint    = {arXiv:1512.09300},
  url     = {https://github.com/rohithreddy024/VAE-GAN-Pytorch}
}
