@article{OverviewClassic,
	author = {Borghys, Dirk and Achard, Véronique and Rotman, Stanley and Gorelik, Nir and Perneel, Christiaan and Schweicher, E.},
	year = {2011},
	month = {09},
	pages = {1 - 4},
	title = {Hyperspectral anomaly detection: A comparative evaluation of methods},
	doi = {10.1109/URSIGASS.2011.6050650}
}

@article{RX,
	author={I. S. {Reed} and X. {Yu}},
	journal={IEEE Transactions on Acoustics, Speech, and Signal Processing}, 
	title={Adaptive multiple-band CFAR detection of an optical pattern with unknown spectral distribution}, 
	year={1990},
	volume={38},
	number={10},
	pages={1760-1770}
}

@article{AnomalyStein,
	author = {Stein, David and Beaven, Scott and Hoff, Lawrence and Winter, Edwin and Schaum, Alan and Stocker, Alan},
	year = {2002},
	month = {02},
	pages = {58 - 69},
	title = {Anomaly detection from hyperspectral imagery},
	volume = {19},
	journal = {Signal Processing Magazine, IEEE},
	doi = {10.1109/79.974730}
}

@article{TutorialMatteoli,
	author={S. {Matteoli} and M. {Diani} and G. {Corsini}},
	journal={IEEE Aerospace and Electronic Systems Magazine}, 
	title={A tutorial overview of anomaly detection in hyperspectral images}, 
	year={2010},
	volume={25},
	number={7},
	pages={5-28}
}

@article{BeyondRXSchaum,
	author = {A. P. Schaum},
	title = {{Hyperspectral anomaly detection beyond RX}},
	volume = {6565},
	booktitle = {Algorithms and Technologies for Multispectral, Hyperspectral, and Ultraspectral Imagery XIII},
	editor = {Sylvia S. Shen and Paul E. Lewis},
	organization = {International Society for Optics and Photonics},
	publisher = {SPIE},
	pages = {13 -- 25},
	keywords = {hyperspectral, anomaly, RX},
	year = {2007},
	doi = {10.1117/12.718789},
	URL = {https://doi.org/10.1117/12.718789}
}

@article{LocalRXMolero,
	author={J. M. {Molero} and E. M. {Garzón} and I. {García} and A. {Plaza}},
	journal={IEEE Journal of Selected Topics in Applied Earth Observations and Remote Sensing}, 
	title={Analysis and Optimizations of Global and Local Versions of the RX Algorithm for Anomaly Detection in Hyperspectral Data}, 
	year={2013},
	volume={6},
	number={2},
	pages={801-814}
}

@article{TimeDuran,
	author={O. {Duran} and M. {Petrou}},
	journal={IEEE Transactions on Geoscience and Remote Sensing}, 
	title={A Time-Efficient Method for Anomaly Detection in Hyperspectral Images}, 
	year={2007},
	volume={45},
	number={12},
	pages={3894-3904}
}